@article{qmcXray2023,
	author = {Lin, Guiyuan and Deng, Shiwo and Wang, Xiaoqun},
	year = {2023},
	month = {08},
	pages = {e0290266},
	title = {An efficient quasi-Monte Carlo method with forced fixed detection for photon scatter simulation in CT},
	volume = {18},
	journal = {PLOS ONE},
	doi = {10.1371/journal.pone.0290266}
}

@article{diezScatterDomination2025,
	author = {Diez, Matthias and Zabler, Simon},
	year = {2025},
	month = {06},
	pages = {605},
	title = {Measuring Optical Scattering in Relation to Coatings on Crystalline X-Ray Scintillator Screens},
	volume = {15},
	journal = {Crystals},
	doi = {10.3390/cryst15070605}
}

@INPROCEEDINGS{mcffd2011,
	author={Sisniega, A. and Abella, M. and Lage, E. and Desco, M. and Vaquero, J.J.},
	booktitle={2011 IEEE Nuclear Science Symposium Conference Record}, 
	title={Automatic Monte-Carlo Based Scatter Correction For X-ray cone-beam CT using general purpose graphic processing units (GP-GPU): A feasibility study}, 
	year={2011},
	volume={},
	number={},
	pages={3705-3709},
	keywords={Photonics;Image segmentation;Image reconstruction;Conferences},
	doi={10.1109/NSSMIC.2011.6153699}
}

@article{physics2019,
	author = {Levine, Zachary and Blattner, Timothy and Peskin, Adele and Pintar, Adam},
	year = {2019},
	month = {05},
	pages = {},
	title = {Scatter Corrections in X-Ray Computed Tomography: A Physics-Based Analysis},
	volume = {124},
	journal = {Journal of Research of the National Institute of Standards and Technology},
	doi = {10.6028/jres.124.013}
}

@book{medicalImagingSystemsIntro2019:,
	series = {Image Processing, Computer Vision, Pattern Recognition, and Graphics; 11111},
	abstract = {This open access book gives a complete and comprehensive introduction to the fields of medical imaging systems, as designed for a broad range of applications. The authors of the book first explain the foundations of system theory and image processing, before highlighting several modalities in a dedicated chapter. The initial focus is on modalities that are closely related to traditional camera systems such as endoscopy and microscopy. This is followed by more complex image formation processes: magnetic resonance imaging, X-ray projection imaging, computed tomography, X-ray phase-contrast imaging, nuclear imaging, ultrasound, and optical coherence tomography},
	isbn = {9783319965208},
	year = {2018},
	title = {Medical Imaging Systems : An Introductory Guide},
	language = {eng},
	address = {Cham},
	chapter = {7,8},
	keywords = {Computer Imaging Vision Pattern Recognition and Graphics; Optical data processing; Image processing—Digital techniques; Computer vision; Image processing},
}

@manual{Geant4ApplicationGuide2025,
  title        = {Geant4 Application Developers Guide},
  author       = {{Geant4 Collaboration}},
  year         = {2025},
  edition      = {Rev9.2},
  version      = {Release 11.3},
  note         = {June 14th, 2025},
  organization = {CERN},
  url          = {https://geant4.web.cern.ch},
}

@book{poludniowski2022calculating,
  title={Calculating X-ray Tube Spectra: Analytical and Monte Carlo Approaches},
  author={Poludniowski, Gavin and Omar, Artur and Andreo, Pedro},
  year={2022},
  publisher={CRC Press}
}

@article{steidel2022dose,
  title={Dose reduction potential in diagnostic single energy CT through patient-specific prefilters and a wider range of tube voltages},
  author={Steidel, J{\"o}rg and Maier, Joscha and Sawall, Stefan and Kachelrie{\ss}, Marc},
  journal={Medical physics},
  volume={49},
  number={1},
  pages={93--106},
  year={2022},
  publisher={Wiley Online Library}
}

@software{spekpy,
  author       = {Gavin Poludniowski},
  title        = {SpekPy: Python package for simulating X-ray spectra},
  year         = {08.08.2024},
  version      = {2.0.13},
  url          = {https://bitbucket.org/caxtus/book/src/master/},
  license	   = {MIT License}
}

@article{poludniowski2021spekpy,
  title={SpekPy v2. 0—a software toolkit for modeling x-ray tube spectra},
  author={Poludniowski, Gavin and Omar, Artur and Bujila, Robert and Andreo, Pedro},
  journal={Medical Physics},
  volume={48},
  number={7},
  pages={3630--3637},
  year={2021},
  publisher={Wiley Online Library}
}

@book{muller2012monte,
  title={Monte Carlo-Algorithmen},
  author={M{\"u}ller-Gronbach, Thomas and Novak, Erich and Ritter, Klaus},
  year={2012},
  publisher={Springer-Verlag}
}

@article{venkatapathi2021n,
  title={An O (n) algorithm for generating uniform random vectors in n-dimensional cones},
  author={Venkatapathi, Murugesan and others},
  journal={arXiv preprint arXiv:2101.00936},
  year={2021}
}

@inproceedings{amanatides1987fast,
  title={A fast voxel traversal algorithm for ray tracing.},
  author={Amanatides, John and Woo, Andrew and others},
  booktitle={Eurographics},
  volume={87},
  number={3},
  pages={3--10},
  year={1987}
}

@ARTICLE{fd2001,
  author={de Jong, H.W.A.M. and Slijpen, E.T.P. and Beekman, F.J.},
  journal={IEEE Transactions on Nuclear Science}, 
  title={Acceleration of Monte Carlo SPECT simulation using convolution-based forced detection}, 
  year={2001},
  volume={48},
  number={1},
  pages={58-64},
  keywords={Acceleration;Monte Carlo methods;Computational fluid dynamics;Single photon emission computed tomography;Computational modeling;Electromagnetic scattering;Particle scattering;Computed tomography;Electrical capacitance tomography;Cameras},
  doi={10.1109/23.910833}}

@article{nelsoncompton,
	title={COMPTON SCATTERING},
	author={Nelson, Dylan R},
	year={2007},
	url={https://www.ita.uni-heidelberg.de/~dnelson/storage/ucb.phy111.spr2007/dnelson.com.pdf}
}

@article{ozmutlu1992sampling,
  title={Sampling of angular distribution in Compton scattering},
  author={{\"O}zmutlu, Emin N},
  journal={International journal of radiation applications and instrumentation. Part A. Applied radiation and isotopes},
  volume={43},
  number={6},
  pages={713--715},
  year={1992},
  publisher={Elsevier}
}

@article{hubbell1969photon,
  title={Photon cross sections, attenuation coefficients and energy absorption coefficients},
  author={Hubbell, J},
  journal={National Bureau of Standards Report NSRDS-NBS29, Washington DC},
  year={1969}
}

@article{klein1928scattering,
  title={The scattering of light by free electrons according to Dirac's new relativistic dynamics},
  author={Klein, Oskar and Nishina, Yoshio},
  journal={Nature},
  volume={122},
  number={3072},
  pages={398--399},
  year={1928},
  publisher={Nature Publishing Group UK London}
}

@article{lin2025scatter,
  title={Scatter correction based on quasi-Monte Carlo for CT reconstruction},
  author={Lin, Guiyuan and Deng, Shiwo and Wang, Xiaoqun and Zhao, Xing},
  journal={arXiv preprint arXiv:2501.05039},
  year={2025}
}

@phdthesis{doignies2024echantillonnage,
  title={Echantillonnage diff{\'e}rentiable et simulations Monte Carlo},
  author={Doignies, Bastien},
  year={2024},
  school={Universit{\'e} Claude Bernard-Lyon I}
}

@article{pillichshammer2010zahlentheoretische,
  title={Zahlentheoretische Methoden in der Numerik},
  author={Pillichshammer, Friedrich},
  journal={Vorlesungsskript, Johannes Kepler Universit{\"a}t Linz},
  year={2010}
}

@incollection{keller2022monte,
  title={Monte Carlo and Quasi-Monte Carlo Methods},
  author={Alexander Keller, Stefan Heinrich and Harald Niederreiter},
  year={2022},
  publisher={Springer}
}

@book{leobacher2014introduction,
  title={Introduction to quasi-Monte Carlo integration and applications},
  author={Leobacher, Gunther and Pillichshammer, Friedrich},
  year={2014},
  publisher={Springer}
}

@article{mishra2021enhancing,
  title={Enhancing accuracy of deep learning algorithms by training with low-discrepancy sequences},
  author={Mishra, Siddhartha and Rusch, T Konstantin},
  journal={SIAM Journal on Numerical Analysis},
  volume={59},
  number={3},
  pages={1811--1834},
  year={2021},
  publisher={SIAM}
}

@article{kovachki2023neural,
  title={Neural operator: Learning maps between function spaces with applications to pdes},
  author={Kovachki, Nikola and Li, Zongyi and Liu, Burigede and Azizzadenesheli, Kamyar and Bhattacharya, Kaushik and Stuart, Andrew and Anandkumar, Anima},
  journal={Journal of Machine Learning Research},
  volume={24},
  number={89},
  pages={1--97},
  year={2023}
}

@article{cybenko1989approximation,
  title={Approximation by superpositions of a sigmoidal function},
  author={Cybenko, George},
  journal={Mathematics of control, signals and systems},
  volume={2},
  number={4},
  pages={303--314},
  year={1989},
  publisher={Springer}
}

@article{yarotsky2017error,
  title={Error bounds for approximations with deep ReLU networks},
  author={Yarotsky, Dmitry},
  journal={Neural networks},
  volume={94},
  pages={103--114},
  year={2017},
  publisher={Elsevier}
}

@inproceedings{telgarsky2016benefits,
  title={Benefits of depth in neural networks},
  author={Telgarsky, Matus},
  booktitle={Conference on learning theory},
  pages={1517--1539},
  year={2016},
  organization={PMLR}
}

@inproceedings{owen2005multidimensional,
  title={Multidimensional variation for quasi-Monte Carlo},
  author={Owen, Art B},
  booktitle={International Conference on Statistics in honour of Professor Kai-Tai Fang’s 65th birthday},
  pages={49--74},
  year={2005},
  organization={World Scientific}
}
